<collection xmlns="http://www.loc.gov/MARC21/slim">
<record>
  <leader>01106nam0a2200217 i 450 </leader>
  <controlfield tag="001">IT\ICCU\CNCE\006775</controlfield>
  <controlfield tag="005">20050825000000.0</controlfield>
  <datafield tag="012" ind1=" " ind2=" ">
    <subfield code="a">onus fita ioia gaco (C) 1525 (A)</subfield>
    <subfield code="2">fei</subfield>
  </datafield>
  <datafield tag="100" ind1=" " ind2=" ">
    <subfield code="a">19970101d1525        0itac0103    ba</subfield>
  </datafield>
  <datafield tag="101" ind1=" " ind2=" ">
    <subfield code="a">LAT</subfield>
  </datafield>
  <datafield tag="102" ind1=" " ind2=" ">
    <subfield code="a">IT</subfield>
  </datafield>
  <datafield tag="200" ind1="1" ind2=" ">
    <subfield code="a">℗Angeli Bolognini ℗Libellus de cura ulcerum exteriorum et de unguentis quae communis haber usus practicantium hodiernus in solute continuitatis medella. De quorum numero nonnulla in morbum gallicum inserta sunt non debilibus tamen rationibus incidentaliter approbata</subfield>
  </datafield>
  <datafield tag="210" ind1=" " ind2=" ">
    <subfield code="a">Impressum Bononiae</subfield>
    <subfield code="c">per heredes Benedicti quondam Hectoris de Faellis</subfield>
    <subfield code="d">1525 die 9 Nouembris</subfield>
  </datafield>
  <datafield tag="215" ind1=" " ind2=" ">
    <subfield code="a">\26! c.</subfield>
    <subfield code="d">4ʻ</subfield>
  </datafield>
  <datafield tag="620" ind1=" " ind2=" ">
    <subfield code="a">IT</subfield>
    <subfield code="d">Bologna</subfield>
  </datafield>
  <datafield tag="700" ind1=" " ind2="1">
    <subfield code="a">Bolognini,</subfield>
    <subfield code="b">Angelo</subfield>
    <subfield code="3">IT\ICCU\CNCA\001813</subfield>
  </datafield>
  <datafield tag="712" ind1="0" ind2="0">
    <subfield code="a">Faelli, Benedetto</subfield>
    <subfield code="c"> &lt;1.&gt; - eredi</subfield>
    <subfield code="3">IT\ICCU\CNCT\000503</subfield>
    <subfield code="4">650</subfield>
  </datafield>
  <datafield tag="790" ind1=" " ind2="1">
    <subfield code="a">Bologninus,</subfield>
    <subfield code="b">Angelus</subfield>
    <subfield code="3">IT\ICCU\CNCA\026390</subfield>
    <subfield code="z">Bolognini, Angelo</subfield>
  </datafield>
  <datafield tag="801" ind1=" " ind2="3">
    <subfield code="a">IT</subfield>
    <subfield code="b">ICCU</subfield>
    <subfield code="c">20201113</subfield>
  </datafield>
  <datafield tag="899" ind1=" " ind2=" ">
    <subfield code="a">Biblioteca nazionale Vittorio Emanuele III. Napoli</subfield>
    <subfield code="1">NA0079</subfield>
    <subfield code="2">NAP BN</subfield>
  </datafield>
  <datafield tag="899" ind1=" " ind2=" ">
    <subfield code="a">Biblioteca dell&apos;Accademia nazionale dei Lincei e Corsiniana. Roma</subfield>
    <subfield code="1">RM0418</subfield>
    <subfield code="2">RML 10</subfield>
  </datafield>
</record>
</collection>
